%%%%%%%%%%%%%%%%%%%%%%%%%%%%%%%%%%%%%%%%%%%%%%%%%%%%%%%%%%%%%%%%%%%%%%%%%%%%%%%
% Managed Data
@inproceedings{loh2012managed,
  title={Managed data: modular strategies for data abstraction},
  author={Loh, Alex and van der Storm, Tijs and Cook, William R},
  booktitle={Proceedings of the ACM international symposium on New ideas, new paradigms, and reflections on programming and software},
  pages={179--194},
  year={2012},
  organization={ACM}
}

@article{van2014design,
  title={The design and implementation of Object Grammars},
  author={Van Der Storm, Tijs and Cook, William R and Loh, Alex},
  journal={Science of Computer Programming},
  volume={96},
  pages={460--487},
  year={2014},
  publisher={Elsevier}
}

@article{storm2012object,
  title={Object Grammars: Compositional \& Bidirectional Mapping Between Text and Graphs},
  author={Storm, T and Cook, WR and Loh, A and Czarnecki, K and Hedin, G},
  year={2012},
  publisher={Springer}
}

@inproceedings{kurtev2006model,
  title={Model-based DSL frameworks},
  author={Kurtev, Ivan and B{\'e}zivin, Jean and Jouault, Fr{\'e}d{\'e}ric and Valduriez, Patrick},
  booktitle={Companion to the 21st ACM SIGPLAN symposium on Object-oriented programming systems, languages, and applications},
  pages={602--616},
  year={2006},
  organization={ACM}
}

%%%%%%%%%%%%%%%%%%%%%%%%%%%%%%%%%%%%%%%%%%%%%%%%%%%%%%%%%%%%%%%%%%%%%%%%%%%%%%%
% Aspect Oriented Programming
@incollection{kiczales1997aspect,
  title={Aspect-oriented programming},
  author={Kiczales, Gregor and Lamping, John and Mendhekar, Anurag and Maeda, Chris and Lopes, Cristina and Loingtier, Jean-Marc and Irwin, John},
  booktitle={ECOOP'97—Object-oriented programming},
  pages={220--242},
  year={1997},
  publisher={Springer}
}

@article{tourwe2003existence,
  title={On the existence of the AOSD-evolution paradox},
  author={Tourw{\'e}, Tom and Brichau, Johan and Gybels, Kris},
  journal={SPLAT: Software engineering Properties of Languages for Aspect Technologies},
  year={2003},
  publisher={Citeseer}
}

@incollection{steimann2005domain,
  title={Domain models are aspect free},
  author={Steimann, Friedrich},
  booktitle={Model Driven Engineering Languages and Systems},
  pages={171--185},
  year={2005},
  publisher={Springer}
}

@incollection{przybylek2011truth,
  title={Where the truth lies: AOP and its impact on software modularity},
  author={Przyby{\l}ek, Adam},
  booktitle={Fundamental Approaches to Software Engineering},
  pages={447--461},
  year={2011},
  publisher={Springer}
}

%%%%%%%%%%%%%%%%%%%%%%%%%%%%%%%%%%%%%%%%%%%%%%%%%%%%%%%%%%%%%%%%%%%%%%%%%%%%%%%
% AspectJ
@inproceedings{hannemann2002design,
  title={Design pattern implementation in Java and AspectJ},
  author={Hannemann, Jan and Kiczales, Gregor},
  booktitle={ACM Sigplan Notices},
  volume={37},
  number={11},
  pages={161--173},
  year={2002},
  organization={ACM}
}

@inproceedings{lippert2000study,
  title={A study on exception detection and handling using aspect-oriented programming},
  author={Lippert, Martin and Lopes, Cristina Videira},
  booktitle={Proceedings of the 22nd international conference on Software engineering},
  pages={418--427},
  year={2000},
  organization={ACM}
}

@incollection{kiczales2001overview,
  title={An overview of AspectJ},
  author={Kiczales, Gregor and Hilsdale, Erik and Hugunin, Jim and Kersten, Mik and Palm, Jeffrey and Griswold, William G},
  booktitle={ECOOP 2001—Object-Oriented Programming},
  pages={327--354},
  year={2001},
  publisher={Springer}
}

%%%%%%%%%%%%%%%%%%%%%%%%%%%%%%%%%%%%%%%%%%%%%%%%%%%%%%%%%%%%%%%%%%%%%%%%%%%%%%%
% AJHotDraw
@article{marinajhotdraw,
  title={AJHotDraw: A showcase for refactoring to aspects},
  author={Marin, Marius and Moonen, Leon}
}

@inproceedings{marin2004refactoring,
  title={Refactoring jhotdraw’s undo concern to aspectj},
  author={Marin, Marius},
  booktitle={Proceedings of the 1st Workshop on Aspect Reverse Engineering (WARE 2004)},
  year={2004}
}

@inproceedings{marin2005approach,
  title={An approach to aspect refactoring based on crosscutting concern types},
  author={Marin, Marius and Moonen, Leon and van Deursen, Arie},
  booktitle={ACM SIGSOFT Software Engineering Notes},
  volume={30},
  number={4},
  pages={1--5},
  year={2005},
  organization={ACM}
}

@inproceedings{marin2004identifying,
  title={Identifying aspects using fan-in analysis},
  author={Marin, Marius and Van Deursen, Arie and Moonen, Leon},
  booktitle={Reverse Engineering, 2004. Proceedings. 11th Working Conference on},
  pages={132--141},
  year={2004},
  organization={IEEE}
}

@inproceedings{marin2006common,
  title={A common framework for aspect mining based on crosscutting concern sorts},
  author={Marin, Marius and Moonen, Leon and van Deursen, Arie},
  booktitle={Reverse Engineering, 2006. WCRE'06. 13th Working Conference on},
  pages={29--38},
  year={2006},
  organization={IEEE}
}

%%%%%%%%%%%%%%%%%%%%%%%%%%%%%%%%%%%%%%%%%%%%%%%%%%%%%%%%%%%%%%%%%%%%%%%%%%%%%%%
% Reflection and Meta object protocol
@book{kiczales1991art,
  title={The art of the metaobject protocol},
  author={Kiczales, Gregor and Des Rivieres, Jim and Bobrow, Daniel Gureasko},
  year={1991},
  publisher={MIT press}
}

@article{forman2004java,
  title={Java reflection in action},
  author={Forman, Ira R and Forman, Nate and Ibm, John Vlissides},
  year={2004},
  publisher={Citeseer}
}

@inproceedings{marr2015zero,
  title={Zero-overhead metaprogramming: Reflection and metaobject protocols fast and without compromises},
  author={Marr, Stefan and Seaton, Chris and Ducasse, St{\'e}phane},
  booktitle={Proceedings of the 36th ACM SIGPLAN Conference on Programming Language Design and Implementation},
  pages={545--554},
  year={2015},
  organization={ACM}
}

%%%%%%%%%%%%%%%%%%%%%%%%%%%%%%%%%%%%%%%%%%%%%%%%%%%%%%%%%%%%%%%%%%%%%%%%%%%%%%%
% Dynamic Proxies
@article{eugster2006uniform,
  title={Uniform proxies for Java},
  author={Eugster, Patrick},
  journal={ACM SIGPLAN Notices},
  volume={41},
  number={10},
  pages={139--152},
  year={2006},
  publisher={ACM}
}

@inproceedings{pratikakis2004transparent,
  title={Transparent proxies for java futures},
  author={Pratikakis, Polyvios and Spacco, Jaime and Hicks, Michael},
  booktitle={ACM SIGPLAN Notices},
  volume={39},
  number={10},
  pages={206--223},
  year={2004},
  organization={ACM}
}

%%%%%%%%%%%%%%%%%%%%%%%%%%%%%%%%%%%%%%%%%%%%%%%%%%%%%%%%%%%%%%%%%%%%%%%%%%%%%%%
% Crosscutting concerns
@inproceedings{marin2005classification,
  title={A classification of crosscutting concerns},
  author={Marin, Marius and Moonen, Leon and Van Deursen, Arie},
  booktitle={Software Maintenance, 2005. ICSM'05. Proceedings of the 21st IEEE International Conference on},
  pages={673--676},
  year={2005},
  organization={IEEE}
}

@inproceedings{hannemann2005role,
  title={Role-based refactoring of crosscutting concerns},
  author={Hannemann, Jan and Murphy, Gail C and Kiczales, Gregor},
  booktitle={Proceedings of the 4th international conference on Aspect-oriented software development},
  pages={135--146},
  year={2005},
  organization={ACM}
}

@article{bruntink2005use,
  title={On the use of clone detection for identifying crosscutting concern code},
  author={Bruntink, Magiel and Van Deursen, Arie and Van Engelen, Remco and Tourwe, Tom},
  journal={Software Engineering, IEEE Transactions on},
  volume={31},
  number={10},
  pages={804--818},
  year={2005},
  publisher={IEEE}
}

@inproceedings{robillard2002concern,
  title={Concern graphs: finding and describing concerns using structural program dependencies},
  author={Robillard, Martin P and Murphy, Gail C},
  booktitle={Proceedings of the 24th international conference on Software engineering},
  pages={406--416},
  year={2002},
  organization={ACM}
}

@inproceedings{shepherd2004design,
  title={Design and Evaluation of an Automated Aspect Mining Tool.},
  author={Shepherd, David C and Gibson, Emily and Pollock, Lori L},
  booktitle={Software Engineering Research and Practice},
  pages={601--607},
  year={2004},
  organization={Citeseer}
}

@book{wohlin2012experimentation,
  title={Experimentation in software engineering},
  author={Wohlin, Claes and Runeson, Per and H{\"o}st, Martin and Ohlsson, Magnus C and Regnell, Bj{\"o}rn and Wessl{\'e}n, Anders},
  year={2012},
  publisher={Springer Science \& Business Media}
}

%%%%%%%%%%%%%%%%%%%%%%%%%%%%%%%%%%%%%%%%%%%%%%%%%%%%%%%%%%%%%%%%%%%%%%%%%%%%%%%
% Related
@incollection{yoder2002adaptive,
  title={The adaptive object-model architectural style},
  author={Yoder, Joseph W and Johnson, Ralph},
  booktitle={Software Architecture},
  pages={3--27},
  year={2002},
  publisher={Springer}
}

@article{sullivan2002advanced,
  title={Advanced Programming Language Features for Executable Design Patterns" Better Patterns Through Reflection},
  author={Sullivan, Gregory T},
  year={2002}
}

%%%%%%%%%%%%%%%%%%%%%%%%%%%%%%%%%%%%%%%%%%%%%%%%%%%%%%%%%%%%%%%%%%%%%%%%%%%%%%%
% Metrics
@inproceedings{sant2003reuse,
  title={On the reuse and maintenance of aspect-oriented software: An assessment framework},
  author={Sant’Anna, Cl{\'a}udio and Garcia, Alessandro and Chavez, Christina and Lucena, Carlos and Von Staa, Arndt},
  booktitle={Proceedings of Brazilian symposium on software engineering},
  pages={19--34},
  year={2003}
}

@inproceedings{garcia2003agents,
  title={Agents and Objects: An Empirical Study on the Design and Implementation of Multi-Agent Systems},
  author={Garcia, Alessandro and Sant’Anna, Cl{\'a}udio and Chavez, Christina and Silva, Viviane and Lucena, Carlos and von Staa, Arndt},
  booktitle={Proc. of the SELMAS},
  volume={3},
  pages={11--22},
  year={2003}
}

@inproceedings{figueiredo2008maintainability,
  title={On the maintainability of aspect-oriented software: A concern-oriented measurement framework},
  author={Figueiredo, Eduardo and Anna, Claudio Sant and Garcia, Alessandro and Bartolomei, Thiago T and Cazzola, Walter and Marchetto, Alessandro},
  booktitle={Software Maintenance and Reengineering, 2008. CSMR 2008. 12th European Conference on},
  pages={183--192},
  year={2008},
  organization={IEEE}
}

@article{chidamber1994metrics,
  title={A metrics suite for object oriented design},
  author={Chidamber, Shyam R and Kemerer, Chris F},
  journal={Software Engineering, IEEE Transactions on},
  volume={20},
  number={6},
  pages={476--493},
  year={1994},
  publisher={IEEE}
}

%%%%%%%%%%%%%%%%%%%%%%%%%%%%%%%%%%%%%%%%%%%%%%%%%%%%%%%%%%%%%%%%%%%%%%%%%%%%%%%
% More stuff
@book{gamma1995design,
  title={Design patterns: elements of reusable object-oriented software},
  author={Gamma, Erich},
  year={1995},
  publisher={Pearson Education India}
}

@book{fowler2009refactoring,
  title={Refactoring: improving the design of existing code},
  author={Fowler, Martin},
  year={2009},
  publisher={Pearson Education India}
}

@article{parnas1972criteria,
  title={On the criteria to be used in decomposing systems into modules},
  author={Parnas, David Lorge},
  journal={Communications of the ACM},
  volume={15},
  number={12},
  pages={1053--1058},
  year={1972},
  publisher={ACm}
}

@inproceedings{adams2008efficient,
  title={Efficient nondestructive equality checking for trees and graphs},
  author={Adams, Michael D and Dybvig, R Kent},
  booktitle={ACM Sigplan Notices},
  volume={43},
  number={9},
  pages={179--188},
  year={2008},
  organization={ACM}
}

@book{fowler2010domain,
  title={Domain-specific languages},
  author={Fowler, Martin},
  year={2010},
  publisher={Pearson Education}
}

@incollection{easterbrook2008selecting,
  title={Selecting empirical methods for software engineering research},
  author={Easterbrook, Steve and Singer, Janice and Storey, Margaret-Anne and Damian, Daniela},
  booktitle={Guide to advanced empirical software engineering},
  pages={285--311},
  year={2008},
  publisher={Springer}
}

@article{sommerville2004software,
  title={Software Engineering. International computer science series},
  author={Sommerville, Ian},
  journal={ed: Addison Wesley},
  year={2004}
}

@inproceedings{tarr1999n,
  title={N degrees of separation: multi-dimensional separation of concerns},
  author={Tarr, Peri and Ossher, Harold and Harrison, William and Sutton Jr, Stanley M},
  booktitle={Proceedings of the 21st international conference on Software engineering},
  pages={107--119},
  year={1999},
  organization={ACM}
}

@inproceedings{huang2008expressive,
  title={Expressive and safe static reflection with MorphJ},
  author={Huang, Shan Shan and Smaragdakis, Yannis},
  booktitle={ACM SIGPLAN Notices},
  volume={43},
  number={6},
  pages={79--89},
  year={2008},
  organization={ACM}
}